<record><leader>00000cas a22000007a 4500</leader><controlfield tag="001">15864238</controlfield><controlfield tag="008">870608d19131920inudn ne      0    0eng d</controlfield><datafield ind1=" " ind2=" " tag="010"><subfield code="a">sn 87056048 </subfield></datafield><datafield ind1=" " ind2=" " tag="040"><subfield code="a">NPI</subfield><subfield code="b">eng</subfield><subfield code="c">NPI</subfield><subfield code="d">OCLCQ</subfield></datafield><datafield ind1=" " ind2=" " tag="042"><subfield code="a">msc</subfield></datafield><datafield ind1="0" ind2="0" tag="245"><subfield code="a">Logansport Pharos-reporter.</subfield></datafield><datafield ind1=" " ind2=" " tag="260"><subfield code="a">Logansport, Ind. :</subfield><subfield code="b">Pharos-Reporter Co.,</subfield><subfield code="c">1913-1920.</subfield></datafield><datafield ind1=" " ind2=" " tag="310"><subfield code="a">Daily (except Sun.)</subfield></datafield><datafield ind1="0" ind2=" " tag="362"><subfield code="a">May 19, 1913-Mar. 13, 1920.</subfield></datafield><datafield ind1=" " ind2=" " tag="752"><subfield code="a">United States</subfield><subfield code="b">Indiana</subfield><subfield code="c">Cass</subfield><subfield code="d">Logansport.</subfield></datafield><datafield ind1="0" ind2="4" tag="780"><subfield code="t">Daily Pharos-reporter</subfield><subfield code="w">(DLC)sn 87056042</subfield></datafield><datafield ind1="0" ind2="4" tag="780"><subfield code="t">Weekly Pharos-reporter</subfield><subfield code="w">(DLC)sn 87056046</subfield></datafield><datafield ind1="0" ind2="7" tag="785"><subfield code="t">Logansport daily tribune (Logansport, Ind. : 1916)</subfield><subfield code="w">(DLC)sn 87056096</subfield></datafield><datafield ind1="0" ind2="7" tag="785"><subfield code="t">Logansport Pharos-tribune</subfield><subfield code="w">(DLC)sn 87056098</subfield></datafield></record>